@ARTICLE{Jepsen2023205,
	author = {Jepsen, Sune Chung and Worm, Torben},
	title = {Designing and Evaluating Interoperable Industry 4.0 Middleware Software Architecture: Reconfiguration of Robotic System},
	year = {2023},
	journal = {Lecture Notes in Computer Science (including subseries Lecture Notes in Artificial Intelligence and Lecture Notes in Bioinformatics)},
	volume = {14212 LNCS},
	pages = {205 – 220},
	doi = {10.1007/978-3-031-42592-9_14},
	url = {https://www.scopus.com/inward/record.uri?eid=2-s2.0-85172154738&doi=10.1007%2f978-3-031-42592-9_14&partnerID=40&md5=01f324b668e0ff6744b12fb6d8d208ce},
	type = {Conference paper},
	publication_stage = {Final},
	source = {Scopus},
	note = {Cited by: 0}
}

@CONFERENCE{Esper20208,
	author = {Esper, Khalil and Schnicke, Frank},
	title = {Evaluation of the maintainability aspect of industry 4.0 service-oriented production},
	year = {2020},
	journal = {Proceedings - 2020 IEEE International Conference on Industry 4.0, Artificial Intelligence, and Communications Technology, IAICT 2020},
	pages = {8 – 14},
	doi = {10.1109/IAICT50021.2020.9172010},
	url = {https://www.scopus.com/inward/record.uri?eid=2-s2.0-85091985122&doi=10.1109%2fIAICT50021.2020.9172010&partnerID=40&md5=56711c284e59741d39d88bf0dbd3f6ae},
	type = {Conference paper},
	publication_stage = {Final},
	source = {Scopus},
	note = {Cited by: 8}
}

@CONFERENCE{Jepsen202132,
	author = {Jepsen, Sune Chung and Worm, Torben and Mork, Thomas Ingemann and Hviid, Jakob},
	title = {Industry 4.0 Middleware Software Architecture Interoperability Analysis},
	year = {2021},
	journal = {Proceedings - 2021 IEEE/ACM 3rd International Workshop on Software Engineering Research and Practices for the IoT, SERP4IoT 2021},
	pages = {32 – 35},
	doi = {10.1109/SERP4IoT52556.2021.00012},
	url = {https://www.scopus.com/inward/record.uri?eid=2-s2.0-85115135990&doi=10.1109%2fSERP4IoT52556.2021.00012&partnerID=40&md5=168a11f4f0eef8202bc3c5f7b3d0828a},
	type = {Conference paper},
	publication_stage = {Final},
	source = {Scopus},
	note = {Cited by: 7}
}

@CONFERENCE{Terzimehić202287,
	author = {Terzimehić, Tarik and Dorofeev, Kirill and Voss, Sebastian},
	title = {Exploring Architectural Design Decisions in Industry 4.0: A Literature Review and Taxonomy},
	year = {2022},
	journal = {Lecture Notes in Informatics (LNI), Proceedings - Series of the Gesellschaft fur Informatik (GI)},
	volume = {P-320},
	pages = {87 – 89},
	url = {https://www.scopus.com/inward/record.uri?eid=2-s2.0-85128520322&partnerID=40&md5=c4436361172524d8e5c697126da6676f},
	type = {Conference paper},
	publication_stage = {Final},
	source = {Scopus},
	note = {Cited by: 0}
}

@CONFERENCE{Jepsen202343,
	author = {Jepsen, Sune Chung and Siewertsen, Bende and Worm, Torben},
	title = {A Reconfigurable Industry 4.0 Middleware Software Architecture},
	year = {2023},
	journal = {Proceedings - IEEE 20th International Conference on Software Architecture Companion, ICSA-C 2023},
	pages = {43 – 53},
	doi = {10.1109/ICSA-C57050.2023.00023},
	url = {https://www.scopus.com/inward/record.uri?eid=2-s2.0-85159093434&doi=10.1109%2fICSA-C57050.2023.00023&partnerID=40&md5=9bdde44df7d8e66358e1bddb4049394d},
	type = {Conference paper},
	publication_stage = {Final},
	source = {Scopus},
	note = {Cited by: 1}
}

@ARTICLE{Li2021,
	author = {Li, Shanshan and Zhang, He and Jia, Zijia and Zhong, Chenxing and Zhang, Cheng and Shan, Zhihao and Shen, Jinfeng and Babar, Muhammad Ali},
	title = {Understanding and addressing quality attributes of microservices architecture: A Systematic literature review},
	year = {2021},
	journal = {Information and Software Technology},
	volume = {131},
	doi = {10.1016/j.infsof.2020.106449},
	url = {https://www.scopus.com/inward/record.uri?eid=2-s2.0-85097144108&doi=10.1016%2fj.infsof.2020.106449&partnerID=40&md5=12a7fa386b4fdce447ce3bfda55806de},
	type = {Review},
	publication_stage = {Final},
	source = {Scopus},
	note = {Cited by: 37}
}

@ARTICLE{Soares20231957,
	author = {Soares, Rodrigo C. and Capilla, Rafael and dos Santos, Vinicius and Nakagawa, Elisa Yumi},
	title = {Trends in continuous evaluation of software architectures},
	year = {2023},
	journal = {Computing},
	volume = {105},
	number = {9},
	pages = {1957 – 1980},
	doi = {10.1007/s00607-023-01161-1},
	url = {https://www.scopus.com/inward/record.uri?eid=2-s2.0-85147748180&doi=10.1007%2fs00607-023-01161-1&partnerID=40&md5=ff7020687f6de6e3c5a34f6dda65d4d7},
	type = {Article},
	publication_stage = {Final},
	source = {Scopus},
	note = {Cited by: 1}
}

@ARTICLE{Banijamali2020,
	author = {Banijamali, Ahmad and Pakanen, Olli-Pekka and Kuvaja, Pasi and Oivo, Markku},
	title = {Software architectures of the convergence of cloud computing and the Internet of Things: A systematic literature review},
	year = {2020},
	journal = {Information and Software Technology},
	volume = {122},
	doi = {10.1016/j.infsof.2020.106271},
	url = {https://www.scopus.com/inward/record.uri?eid=2-s2.0-85079345446&doi=10.1016%2fj.infsof.2020.106271&partnerID=40&md5=72df46e71ce9e106c9fea5a8afafea0a},
	type = {Article},
	publication_stage = {Final},
	source = {Scopus},
	note = {Cited by: 22; All Open Access, Green Open Access}
}

@misc{docsKafka,
	author = {},
	title = {Documentation},
	howpublished = {\url{https://kafka.apache.org/08/documentation.html}},
	year = {2023},
	note = {[Accessed 21-11-2023]},
}

@ARTICLE{9667102,
  author={Jagatheesaperumal, Senthil Kumar and Rahouti, Mohamed and Ahmad, Kashif and Al-Fuqaha, Ala and Guizani, Mohsen},
  journal={IEEE Internet of Things Journal}, 
  title={The Duo of Artificial Intelligence and Big Data for Industry 4.0: Applications, Techniques, Challenges, and Future Research Directions}, 
  year={2022},
  volume={9},
  number={15},
  pages={12861-12885},
  doi={10.1109/JIOT.2021.3139827}
}
